%YAML 1.1
%TAG !u! tag:unity3d.com,2011:
--- !u!1001 &7836597534396995972
PrefabInstance:
  m_ObjectHideFlags: 0
  serializedVersion: 2
  m_Modification:
    serializedVersion: 3
    m_TransformParent: {fileID: 0}
    m_Modifications:
    - target: {fileID: 698698337497983430, guid: 03ddb6ced353d984d88c433f600e0e02, type: 3}
      propertyPath: CellId.y
      value: 1
      objectReference: {fileID: 0}
    - target: {fileID: 5663824605921766952, guid: 03ddb6ced353d984d88c433f600e0e02, type: 3}
      propertyPath: m_Size.x
      value: 0.8
      objectReference: {fileID: 0}
    - target: {fileID: 5663824605921766952, guid: 03ddb6ced353d984d88c433f600e0e02, type: 3}
      propertyPath: m_Sprite
      value: 
      objectReference: {fileID: 21300000, guid: d2ec98d5747e37240b978c8993514a30, type: 3}
    - target: {fileID: 5663824605921766952, guid: 03ddb6ced353d984d88c433f600e0e02, type: 3}
      propertyPath: m_WasSpriteAssigned
      value: 1
      objectReference: {fileID: 0}
    - target: {fileID: 5860120730877228803, guid: 03ddb6ced353d984d88c433f600e0e02, type: 3}
      propertyPath: m_Size.x
      value: 0.8
      objectReference: {fileID: 0}
    - target: {fileID: 5860120730877228803, guid: 03ddb6ced353d984d88c433f600e0e02, type: 3}
      propertyPath: m_Sprite
      value: 
      objectReference: {fileID: 21300000, guid: d2ec98d5747e37240b978c8993514a30, type: 3}
    - target: {fileID: 5860120730877228803, guid: 03ddb6ced353d984d88c433f600e0e02, type: 3}
      propertyPath: m_WasSpriteAssigned
      value: 1
      objectReference: {fileID: 0}
    - target: {fileID: 6264458566423243072, guid: 03ddb6ced353d984d88c433f600e0e02, type: 3}
      propertyPath: m_Size.x
      value: 0.8
      objectReference: {fileID: 0}
    - target: {fileID: 6264458566423243072, guid: 03ddb6ced353d984d88c433f600e0e02, type: 3}
      propertyPath: m_Sprite
      value: 
      objectReference: {fileID: 21300000, guid: d2ec98d5747e37240b978c8993514a30, type: 3}
    - target: {fileID: 6264458566423243072, guid: 03ddb6ced353d984d88c433f600e0e02, type: 3}
      propertyPath: m_WasSpriteAssigned
      value: 1
      objectReference: {fileID: 0}
    - target: {fileID: 7096693513688769749, guid: 03ddb6ced353d984d88c433f600e0e02, type: 3}
      propertyPath: m_Size.x
      value: 0.8
      objectReference: {fileID: 0}
    - target: {fileID: 7096693513688769749, guid: 03ddb6ced353d984d88c433f600e0e02, type: 3}
      propertyPath: m_Sprite
      value: 
      objectReference: {fileID: 21300000, guid: d2ec98d5747e37240b978c8993514a30, type: 3}
    - target: {fileID: 7096693513688769749, guid: 03ddb6ced353d984d88c433f600e0e02, type: 3}
      propertyPath: m_WasSpriteAssigned
      value: 1
      objectReference: {fileID: 0}
    - target: {fileID: 8201187967995559229, guid: 03ddb6ced353d984d88c433f600e0e02, type: 3}
      propertyPath: m_LocalPosition.y
      value: 0.8
      objectReference: {fileID: 0}
    - target: {fileID: 8542673617932217919, guid: 03ddb6ced353d984d88c433f600e0e02, type: 3}
      propertyPath: m_Name
      value: ShapeZ
      objectReference: {fileID: 0}
    - target: {fileID: 8750338404692092656, guid: 03ddb6ced353d984d88c433f600e0e02, type: 3}
      propertyPath: m_LocalPosition.x
      value: 0
      objectReference: {fileID: 0}
    - target: {fileID: 8750338404692092656, guid: 03ddb6ced353d984d88c433f600e0e02, type: 3}
      propertyPath: m_LocalPosition.y
      value: 0
      objectReference: {fileID: 0}
    - target: {fileID: 8750338404692092656, guid: 03ddb6ced353d984d88c433f600e0e02, type: 3}
      propertyPath: m_LocalPosition.z
      value: 0
      objectReference: {fileID: 0}
    - target: {fileID: 8750338404692092656, guid: 03ddb6ced353d984d88c433f600e0e02, type: 3}
      propertyPath: m_LocalRotation.w
      value: 1
      objectReference: {fileID: 0}
    - target: {fileID: 8750338404692092656, guid: 03ddb6ced353d984d88c433f600e0e02, type: 3}
      propertyPath: m_LocalRotation.x
      value: 0
      objectReference: {fileID: 0}
    - target: {fileID: 8750338404692092656, guid: 03ddb6ced353d984d88c433f600e0e02, type: 3}
      propertyPath: m_LocalRotation.y
      value: 0
      objectReference: {fileID: 0}
    - target: {fileID: 8750338404692092656, guid: 03ddb6ced353d984d88c433f600e0e02, type: 3}
      propertyPath: m_LocalRotation.z
      value: 0
      objectReference: {fileID: 0}
    - target: {fileID: 8750338404692092656, guid: 03ddb6ced353d984d88c433f600e0e02, type: 3}
      propertyPath: m_LocalEulerAnglesHint.x
      value: 0
      objectReference: {fileID: 0}
    - target: {fileID: 8750338404692092656, guid: 03ddb6ced353d984d88c433f600e0e02, type: 3}
      propertyPath: m_LocalEulerAnglesHint.y
      value: 0
      objectReference: {fileID: 0}
    - target: {fileID: 8750338404692092656, guid: 03ddb6ced353d984d88c433f600e0e02, type: 3}
      propertyPath: m_LocalEulerAnglesHint.z
      value: 0
      objectReference: {fileID: 0}
    m_RemovedComponents: []
    m_RemovedGameObjects: []
    m_AddedGameObjects: []
    m_AddedComponents:
    - targetCorrespondingSourceObject: {fileID: 8542673617932217919, guid: 03ddb6ced353d984d88c433f600e0e02, type: 3}
      insertIndex: -1
      addedObject: {fileID: 1250819238787735517}
  m_SourcePrefab: {fileID: 100100000, guid: 03ddb6ced353d984d88c433f600e0e02, type: 3}
--- !u!1 &1895034176266844091 stripped
GameObject:
  m_CorrespondingSourceObject: {fileID: 8542673617932217919, guid: 03ddb6ced353d984d88c433f600e0e02, type: 3}
  m_PrefabInstance: {fileID: 7836597534396995972}
  m_PrefabAsset: {fileID: 0}
--- !u!114 &1250819238787735517
MonoBehaviour:
  m_ObjectHideFlags: 0
  m_CorrespondingSourceObject: {fileID: 0}
  m_PrefabInstance: {fileID: 0}
  m_PrefabAsset: {fileID: 0}
  m_GameObject: {fileID: 1895034176266844091}
  m_Enabled: 1
  m_EditorHideFlags: 0
  m_Script: {fileID: 11500000, guid: 87f89a752b192e64abcc1ea84fe4cc8c, type: 3}
  m_Name: 
  m_EditorClassIdentifier: 
  Parts:
  - {fileID: 6244354011834176481}
  - {fileID: 7310302620220289090}
  - {fileID: 3506195117388912428}
  - {fileID: 2593593635809567020}
--- !u!114 &2593593635809567020 stripped
MonoBehaviour:
  m_CorrespondingSourceObject: {fileID: 5710393097482664104, guid: 03ddb6ced353d984d88c433f600e0e02, type: 3}
  m_PrefabInstance: {fileID: 7836597534396995972}
  m_PrefabAsset: {fileID: 0}
  m_GameObject: {fileID: 0}
  m_Enabled: 1
  m_EditorHideFlags: 0
  m_Script: {fileID: 11500000, guid: d4d8b02de62a1c94883e8266814b482a, type: 3}
  m_Name: 
  m_EditorClassIdentifier: 
--- !u!114 &3506195117388912428 stripped
MonoBehaviour:
  m_CorrespondingSourceObject: {fileID: 6659044899335409320, guid: 03ddb6ced353d984d88c433f600e0e02, type: 3}
  m_PrefabInstance: {fileID: 7836597534396995972}
  m_PrefabAsset: {fileID: 0}
  m_GameObject: {fileID: 0}
  m_Enabled: 1
  m_EditorHideFlags: 0
  m_Script: {fileID: 11500000, guid: d4d8b02de62a1c94883e8266814b482a, type: 3}
  m_Name: 
  m_EditorClassIdentifier: 
--- !u!114 &6244354011834176481 stripped
MonoBehaviour:
  m_CorrespondingSourceObject: {fileID: 4208975643620543077, guid: 03ddb6ced353d984d88c433f600e0e02, type: 3}
  m_PrefabInstance: {fileID: 7836597534396995972}
  m_PrefabAsset: {fileID: 0}
  m_GameObject: {fileID: 0}
  m_Enabled: 1
  m_EditorHideFlags: 0
  m_Script: {fileID: 11500000, guid: d4d8b02de62a1c94883e8266814b482a, type: 3}
  m_Name: 
  m_EditorClassIdentifier: 
--- !u!114 &7310302620220289090 stripped
MonoBehaviour:
  m_CorrespondingSourceObject: {fileID: 698698337497983430, guid: 03ddb6ced353d984d88c433f600e0e02, type: 3}
  m_PrefabInstance: {fileID: 7836597534396995972}
  m_PrefabAsset: {fileID: 0}
  m_GameObject: {fileID: 0}
  m_Enabled: 1
  m_EditorHideFlags: 0
  m_Script: {fileID: 11500000, guid: d4d8b02de62a1c94883e8266814b482a, type: 3}
  m_Name: 
  m_EditorClassIdentifier: 
